<record><leader>00000cas a22000007a 4500</leader><controlfield tag="001">10331424</controlfield><controlfield tag="008">840124c19239999ohuwr ne      0   a0eng d</controlfield><datafield ind1=" " ind2=" " tag="010"><subfield code="a">sn 84028033 </subfield></datafield><datafield ind1=" " ind2=" " tag="040"><subfield code="a">NPY</subfield><subfield code="b">eng</subfield><subfield code="c">NPY</subfield><subfield code="d">NSD</subfield><subfield code="d">ONP</subfield><subfield code="d">OCLCQ</subfield></datafield><datafield ind1=" " ind2=" " tag="012"><subfield code="l">1</subfield><subfield code="m">1</subfield></datafield><datafield ind1="1" ind2=" " tag="022"><subfield code="a">0890-8591</subfield><subfield code="l">0890-8591</subfield><subfield code="2">1</subfield></datafield><datafield ind1=" " ind2=" " tag="032"><subfield code="a">044260</subfield><subfield code="b">USPS</subfield></datafield><datafield ind1=" " ind2=" " tag="042"><subfield code="a">msc</subfield><subfield code="a">nsdp</subfield></datafield><datafield ind1="0" ind2=" " tag="130"><subfield code="a">Barberton herald (Barberton, Ohio)</subfield></datafield><datafield ind1=" " ind2="0" tag="222"><subfield code="a">Barberton herald</subfield></datafield><datafield ind1="1" ind2="4" tag="245"><subfield code="a">The Barberton herald.</subfield></datafield><datafield ind1=" " ind2=" " tag="260"><subfield code="a">Kenmore, Ohio :</subfield><subfield code="b">Herald Pub. Co.</subfield></datafield><datafield ind1=" " ind2=" " tag="300"><subfield code="a">v.</subfield></datafield><datafield ind1=" " ind2=" " tag="310"><subfield code="a">Weekly,</subfield><subfield code="b">Oct. 30, 1931-</subfield></datafield><datafield ind1=" " ind2=" " tag="321"><subfield code="a">Weekly,</subfield><subfield code="b">&lt;1923&gt;-Jan. 25, 1928</subfield></datafield><datafield ind1=" " ind2=" " tag="321"><subfield code="a">Semiweekly,</subfield><subfield code="b">Jan. 31, 1928-Oct. 23, 1931</subfield></datafield><datafield ind1="1" ind2=" " tag="362"><subfield code="a">Began in 1923.</subfield></datafield><datafield ind1=" " ind2=" " tag="500"><subfield code="a">"A Republican newspaper."</subfield></datafield><datafield ind1=" " ind2=" " tag="588"><subfield code="a">Description based on: Vol. 6, no. 7 (Jan. 18, 1928).</subfield></datafield><datafield ind1=" " ind2="4" tag="651"><subfield code="a">Kenmore (Ohio)</subfield><subfield code="v">Newspapers.</subfield></datafield><datafield ind1=" " ind2="4" tag="651"><subfield code="a">Barberton (Ohio)</subfield><subfield code="v">Newspapers.</subfield></datafield><datafield ind1=" " ind2="4" tag="651"><subfield code="a">Summit County (Ohio)</subfield><subfield code="v">Newspapers.</subfield></datafield><datafield ind1=" " ind2=" " tag="752"><subfield code="a">United States</subfield><subfield code="b">Ohio</subfield><subfield code="c">Summit</subfield><subfield code="d">Barberton.</subfield></datafield><datafield ind1="0" ind2="5" tag="780"><subfield code="t">Barberton news</subfield><subfield code="w">(DLC)sn 84028031</subfield></datafield><datafield ind1="0" ind2="5" tag="780"><subfield code="t">Barberton leader (Barberton, Ohio : 1893)</subfield><subfield code="w">(DLC)sn 84028032</subfield></datafield></record>